%YAML 1.1
%TAG !u! tag:unity3d.com,2011:
--- !u!1 &7750274984494413725
GameObject:
  m_ObjectHideFlags: 0
  m_CorrespondingSourceObject: {fileID: 0}
  m_PrefabInstance: {fileID: 0}
  m_PrefabAsset: {fileID: 0}
  serializedVersion: 6
  m_Component:
  - component: {fileID: 7750274984494409830}
  - component: {fileID: 7750274984494409825}
  - component: {fileID: 7750274984494409824}
  - component: {fileID: 7750274984494409827}
  - component: {fileID: 7750274984494409826}
  m_Layer: 0
  m_Name: Spaceship
  m_TagString: Player
  m_Icon: {fileID: 0}
  m_NavMeshLayer: 0
  m_StaticEditorFlags: 0
  m_IsActive: 1
--- !u!4 &7750274984494409830
Transform:
  m_ObjectHideFlags: 0
  m_CorrespondingSourceObject: {fileID: 0}
  m_PrefabInstance: {fileID: 0}
  m_PrefabAsset: {fileID: 0}
  m_GameObject: {fileID: 7750274984494413725}
  m_LocalRotation: {x: 0, y: 0, z: 0, w: 1}
  m_LocalPosition: {x: 0, y: 0, z: 0}
  m_LocalScale: {x: 0.32444102, y: 0.32444102, z: 0.32444102}
  m_Children: []
  m_Father: {fileID: 0}
  m_RootOrder: 0
  m_LocalEulerAnglesHint: {x: 0, y: 0, z: 0}
--- !u!212 &7750274984494409825
SpriteRenderer:
  m_ObjectHideFlags: 0
  m_CorrespondingSourceObject: {fileID: 0}
  m_PrefabInstance: {fileID: 0}
  m_PrefabAsset: {fileID: 0}
  m_GameObject: {fileID: 7750274984494413725}
  m_Enabled: 1
  m_CastShadows: 0
  m_ReceiveShadows: 0
  m_DynamicOccludee: 1
  m_MotionVectors: 1
  m_LightProbeUsage: 1
  m_ReflectionProbeUsage: 1
  m_RenderingLayerMask: 1
  m_RendererPriority: 0
  m_Materials:
  - {fileID: 10754, guid: 0000000000000000f000000000000000, type: 0}
  m_StaticBatchInfo:
    firstSubMesh: 0
    subMeshCount: 0
  m_StaticBatchRoot: {fileID: 0}
  m_ProbeAnchor: {fileID: 0}
  m_LightProbeVolumeOverride: {fileID: 0}
  m_ScaleInLightmap: 1
  m_PreserveUVs: 0
  m_IgnoreNormalsForChartDetection: 0
  m_ImportantGI: 0
  m_StitchLightmapSeams: 0
  m_SelectedEditorRenderState: 0
  m_MinimumChartSize: 4
  m_AutoUVMaxDistance: 0.5
  m_AutoUVMaxAngle: 89
  m_LightmapParameters: {fileID: 0}
  m_SortingLayerID: 0
  m_SortingLayer: 0
  m_SortingOrder: 2
  m_Sprite: {fileID: 21300000, guid: 7c671b85871e442338561f024d5abf1c, type: 3}
  m_Color: {r: 1, g: 1, b: 1, a: 1}
  m_FlipX: 0
  m_FlipY: 0
  m_DrawMode: 0
  m_Size: {x: 5.15, y: 4.2}
  m_AdaptiveModeThreshold: 0.5
  m_SpriteTileMode: 0
  m_WasSpriteAssigned: 1
  m_MaskInteraction: 0
  m_SpriteSortPoint: 0
--- !u!50 &7750274984494409824
Rigidbody2D:
  serializedVersion: 4
  m_ObjectHideFlags: 0
  m_CorrespondingSourceObject: {fileID: 0}
  m_PrefabInstance: {fileID: 0}
  m_PrefabAsset: {fileID: 0}
  m_GameObject: {fileID: 7750274984494413725}
  m_BodyType: 0
  m_Simulated: 1
  m_UseFullKinematicContacts: 0
  m_UseAutoMass: 0
  m_Mass: 1
  m_LinearDrag: 1
  m_AngularDrag: 0.05
  m_GravityScale: 0
  m_Material: {fileID: 0}
  m_Interpolate: 0
  m_SleepingMode: 1
  m_CollisionDetection: 0
  m_Constraints: 4
--- !u!60 &7750274984494409827
PolygonCollider2D:
  m_ObjectHideFlags: 0
  m_CorrespondingSourceObject: {fileID: 0}
  m_PrefabInstance: {fileID: 0}
  m_PrefabAsset: {fileID: 0}
  m_GameObject: {fileID: 7750274984494413725}
  m_Enabled: 1
  m_Density: 1
  m_Material: {fileID: 0}
  m_IsTrigger: 0
  m_UsedByEffector: 0
  m_UsedByComposite: 0
  m_Offset: {x: 0, y: 0}
  m_SpriteTilingProperty:
    border: {x: 0, y: 0, z: 0, w: 0}
    pivot: {x: 0.5, y: 0.5}
    oldSize: {x: 5.15, y: 4.2}
    newSize: {x: 5.15, y: 4.2}
    adaptiveTilingThreshold: 0.5
    drawMode: 0
    adaptiveTiling: 0
  m_AutoTiling: 0
  m_Points:
    m_Paths:
    - - {x: 0.645, y: -1.99}
      - {x: 0.655, y: -1.93}
      - {x: 0.73499995, y: -1.93}
      - {x: 0.79499996, y: -1.89}
      - {x: 0.805, y: -1.8299999}
      - {x: 0.885, y: -1.8299999}
      - {x: 0.945, y: -1.79}
      - {x: 0.965, y: -1.74}
      - {x: 1.055, y: -1.7099999}
      - {x: 1.0849999, y: -1.68}
      - {x: 1.115, y: -1.64}
      - {x: 1.2049999, y: -1.61}
      - {x: 1.245, y: -1.55}
      - {x: 1.285, y: -1.37}
      - {x: 1.385, y: -1.28}
      - {x: 1.685, y: -0.97999996}
      - {x: 1.795, y: -0.84999996}
      - {x: 1.795, y: -0.55}
      - {x: 1.755, y: -0.48999998}
      - {x: 1.4549999, y: -0.19}
      - {x: 1.405, y: -0.17}
      - {x: 1.395, y: 0.25}
      - {x: 1.375, y: 0.26999998}
      - {x: 1.3249999, y: 0.26999998}
      - {x: 1.305, y: 0.25}
      - {x: 1.305, y: -0.17999999}
      - {x: 1.265, y: -0.17}
      - {x: 1.0649999, y: -0.37}
      - {x: 1.005, y: -0.44}
      - {x: 0.945, y: -0.48}
      - {x: 0.955, y: -0.24}
      - {x: 0.905, y: -0.22}
      - {x: 0.905, y: -0.04}
      - {x: 0.85499996, y: -0.02}
      - {x: 0.85499996, y: 0.16}
      - {x: 0.805, y: 0.17999999}
      - {x: 0.805, y: 0.35999998}
      - {x: 0.755, y: 0.38}
      - {x: 0.755, y: 0.56}
      - {x: 0.705, y: 0.58}
      - {x: 0.705, y: 0.76}
      - {x: 0.655, y: 0.78}
      - {x: 0.655, y: 1.01}
      - {x: 0.60499996, y: 1.03}
      - {x: 0.60499996, y: 1.31}
      - {x: 0.555, y: 1.3299999}
      - {x: 0.555, y: 1.4599999}
      - {x: 0.505, y: 1.48}
      - {x: 0.505, y: 1.61}
      - {x: 0.445, y: 1.67}
      - {x: -0.42499998, y: 1.67}
      - {x: -0.49499997, y: 1.63}
      - {x: -0.555, y: 1.56}
      - {x: -0.59499997, y: 1.35}
      - {x: -0.645, y: 1.05}
      - {x: -0.945, y: -0.14999999}
      - {x: -0.995, y: -0.25}
      - {x: -1.045, y: -0.44}
      - {x: -1.295, y: -0.19}
      - {x: -1.345, y: -0.17}
      - {x: -1.355, y: 0.25}
      - {x: -1.375, y: 0.26999998}
      - {x: -1.425, y: 0.26999998}
      - {x: -1.4449999, y: 0.25}
      - {x: -1.4449999, y: -0.17999999}
      - {x: -1.485, y: -0.17}
      - {x: -1.785, y: -0.47}
      - {x: -1.8449999, y: -0.55}
      - {x: -1.8449999, y: -0.87}
      - {x: -1.8149999, y: -0.91999996}
      - {x: -1.4549999, y: -1.26}
      - {x: -1.355, y: -1.36}
      - {x: -1.285, y: -1.42}
      - {x: -1.245, y: -1.55}
      - {x: -1.1949999, y: -1.61}
      - {x: -1.105, y: -1.67}
      - {x: -0.995, y: -1.76}
      - {x: -0.825, y: -1.87}
      - {x: -0.60499996, y: -1.99}
      - {x: -0.585, y: -2.03}
      - {x: -0.465, y: -2.1}
      - {x: 0.415, y: -2.1}
      - {x: 0.48499998, y: -2.08}
      - {x: 0.505, y: -2.03}
      - {x: 0.585, y: -2.03}
--- !u!114 &7750274984494409826
MonoBehaviour:
  m_ObjectHideFlags: 0
  m_CorrespondingSourceObject: {fileID: 0}
  m_PrefabInstance: {fileID: 0}
  m_PrefabAsset: {fileID: 0}
  m_GameObject: {fileID: 7750274984494413725}
  m_Enabled: 1
  m_EditorHideFlags: 0
  m_Script: {fileID: 11500000, guid: 31928014516b146cdb8ea48f5d4135c1, type: 3}
  m_Name: 
  m_EditorClassIdentifier: 
  speed: 10
  tf: {fileID: 0}
  turnSpeed: 10
  pause: 0
